@article{Parker2013,
    author = {Parker, Kathryn M. and Rice, Janet and Gustat, Jeanette and Ruley, Jennifer and Spriggs, Aubrey and Johnson, Carolyn},
    title = "{Effect of Bike Lane Infrastructure Improvements on Ridership in One New Orleans Neighborhood}",
    journal = {Annals of Behavioral Medicine},
    volume = {45},
    number = {suppl_1},
    pages = {S101-S107},
    year = {2013},
    month = {01},
    issn = {0883-6612},
    doi = {10.1007/s12160-012-9440-z},
    url = {https://doi.org/10.1007/s12160-012-9440-z},
    eprint = {https://academic.oup.com/abm/article-pdf/45/suppl\_1/S101/21982972/12160\_2012\_article\_9440.pdf},}

@article{Karpinski2021,
    title = {Estimating the effect of protected bike lanes on bike-share ridership in Boston: A case study on Commonwealth Avenue},
    journal = {Case Studies on Transport Policy},
    volume = {9},
    number = {3},
    pages = {1313-1323},
    year = {2021},
    issn = {2213-624X},
    doi = {https://doi.org/10.1016/j.cstp.2021.06.015},
    url = {https://www.sciencedirect.com/science/article/pii/S2213624X21001097},
    author = {Elizabeth Karpinski},
    keywords = {Bicycle sharing system, Protected bike lanes, Causal inference, Differences-in-differences, Multimodal infrastructure},}

@article{Kelarestaghi2019,
title = {Cycling usage and frequency determinants in college campuses},
journal = {Cities},
volume = {90},
pages = {216-228},
year = {2019},
issn = {0264-2751},
doi = {https://doi.org/10.1016/j.cities.2019.02.004},
url = {https://www.sciencedirect.com/science/article/pii/S0264275118306991},
author = {Kaveh Bakhsh Kelarestaghi and Alireza Ermagun and Kevin P. Heaslip},
keywords = {Bicycle frequency, Small communities, College campuses, Attitudes and preferences, Structural equation model},
}

@article{Hansen2022,
title = {How to conduct a meta-analysis in eight steps: a practical guide},
journal = {Manag Rev},
volume = {72},
pages = {1-19},
year = {2022},
doi = {https://doi.org/10.1007/s11301-021-00247-4},
author = {Hansen, C., Steinmetz, H. & Block},
}