@misc{Encyclopædia Britannica_2023, url={https://www.britannica.com/technology/bicycle}, journal={Encyclopædia Britannica}, publisher={Encyclopædia Britannica, inc.}, year={2023}, month={Oct}} 